02RETORNO01COBRANCA       00000000000004136197RG3.NET COMERCIO E SERVICOS LT237BRADESCO       2402110160000000666                                                                                                                                                                                                                                                                          250211         000001
1020556029200013000000090023600940801                         000000001310041517040000000000000000000000000906240211S00001410400000000131004151704100211000000000400023700777  000000000000000000000000000000000000000000000000000000000000000000000000000000000000000409400000000000940000000000000   250211             00000000000000                                                                  000002
1020556029200013000000090023600940801                         000000001310041520500000000000000000000000000906240211S00001413900000000131004152050050211000000000500023700236  000000000000000000000000000000000000000000000000000000000000000000000000000000000000000513800000000001380000000000000   250211             00000000000000                                                                  000003
1020556029200013000000090023600940801                         000000001310051530690000000000000000000000000906240211S00001424000000000131005153069100211000000000400023703026  000000000000000000000000000000000000000000000000000000000000000000000000000000000000000409400000000000940000000000000   250211             00000000000000                                                                  000004
1020556029200013000000090023600940801                         000000001310051535730000000000000000000000000906240211S00001429100000000131005153573050211000000000400023703516  000000000000000000000000000000000000000000000000000000000000000000000000000000000000000409900000000000990000000000000   250211             00000000000000                                                                  000005
1020556029200013000000090023600940801                         000000001310061538360000000000000000000000000906240211S00001431700000000131006153836050211000000000750023700777  000000000000000000000000000000000000000000000000000000000000000000000000000000000000000770700000000002070000000000000   250211             00000000000000                                                                  000006
1020556029200013000000090023600940801                         0000000013100615459P0000000000000000000000000906240211S0000143930000000013100615459P050211000000000500023703026  000000000000000000000000000000000000000000000000000000000000000000000000000000000000000513800000000001380000000000000   250211             00000000000000                                                                  000007
1020556029200013000000090023600940801                         000000001310061547190000000000000000000000000906240211S00001440500000000131006154719050211000000000500010400068  000000000000000000000000000000000000000000000000000000000000000000000000000000000000000513800000000001380000000000000   250211             00000000000000                                                                  000008
1020556029200013000000090023600940801                         000000001310061547430000000000000000000000000906240211S00001440800000000131006154743050211000000000500010404109  000000000000000000000000000000000000000000000000000000000000000000000000000000000000000513800000000001380000000000000   250211             00000000000000                                                                  000009
1020556029200013000000090023600940801                         000000001310261563270000000000000000000000000906240211S00001451600000000131026156327250211000000000250023703026  000000000000000000000000000000000000000000000000000000000000000000000000000000000000000250000000000000000000000000000   250211             00000000000000                                                                  000010
1020556029200013000000090023600940801                         000000001310321570920000000000000000000000000906240211S00001459300000000131032157092050311000000000400010400068  000000000000000000000000000000000000000000000000000000000000000000000000000000000000000400000000000000000000000000000   250211             00000000000000                                                                  000011
1020556029200013000000090023600940801                         000000001310331580840000000000000000000000000906240211S00001469200000000131033158084050311000000000750023703026  000000000000000000000000000000000000000000000000000000000000000000000000000000000000000750000000000000000000000000000   250211             00000000000000                                                                  000012
1020556029200013000000090023600940801                         000000001310341585680000000000000000000000000906240211S00001474000000000131034158568050311000000000400023703516  000000000000000000000000000000000000000000000000000000000000000000000000000000000000000400000000000000000000000000000   250211             00000000000000                                                                  000013
1020556029200013000000090023600940801                         000000001310341589240000000000000000000000000906240211S00001477600000000131034158924050311000000000400010404109  000000000000000000000000000000000000000000000000000000000000000000000000000000000000000400000000000000000000000000000   250211             00000000000000                                                                  000014
1020556029200013000000090023600940801                         000000001310341594080000000000000000000000000906240211S00001482400000000131034159408050311000000000700034102905  000000000000000000000000000000000000000000000000000000000000000000000000000000000000000700000000000000000000000000000   250211             00000000000000                                                                  000015
1020556029200013000000090023600940801                         000000001310341600900000000000000000000000000906240211S00001489300000000131034160090050311000000000750023703026  000000000000000000000000000000000000000000000000000000000000000000000000000000000000000750000000000000000000000000000   250211             00000000000000                                                                  000016
1020556029200013000000090023600940801                         000000001310341602440000000000000000000000000906240211S00001490800000000131034160244050311000000000500010400068  000000000000000000000000000000000000000000000000000000000000000000000000000000000000000500000000000000000000000000000   250211             00000000000000                                                                  000017
1020556029200013000000090023600940801                         000000001310341605970000000000000000000000000906240211S00001494300000000131034160597050311000000000400000100041  000000000000000000000000000000000000000000000000000000000000000000000000000000000000000400000000000000000000000000000   250211             00000000000000                                                                  000018
1020556029200013000000090023600940801                         000000001310351613170000000000000000000000000906240211S00001501500000000131035161317050311000000000900023702273  000000000000000000000000000000000000000000000000000000000000000000000000000000000000000900000000000000000000000000000   250211             00000000000000                                                                  000019
1020556029200013000000090023600940801                         0000000013103516149P0000000000000000000000000906240211S0000150330000000013103516149P050311000000000500023703516  000000000000000000000000000000000000000000000000000000000000000000000000000000000000000513800000000001380000000000000   250211             00000000000000                                                                  000020
1020556029200013000000090023600940801                         000000001310351615460000000000000000000000000906240211S00001503800000000131035161546100311000000000500010404109  000000000000000000000000000000000000000000000000000000000000000000000000000000000000000500000000000000000000000000000   250211             00000000000000                                                                  000021
1020556029200013000000090023600940801                         000000001310401620540000000000000000000000000906240211S00001508100000000131040162054100311000000000190010403138  000000000000000000000000000000000000000000000000000000000000000000000000000000000000000190000000000000000000000000000   250211             00000000000000                                                                  000022
1020556029200013000000090023600940801                         000000001310481625920000000000000000000000000906240211S00001510800000000131048162592100311000000000200003304591  000000000000000000000000000000000000000000000000000000000000000000000000000000000000000200000000000000000000000000000   250211             00000000000000                                                                  000023
1020556029200013000000090023600940801                         000000000000000373220000000000000000000000000917240211          00000000000000037322000000000000000050023700236  000000000000000000000000000000000000000000000000000000000000000000000000000000000000000050000000000000000000000000000   250211                 0000000000                                                                  000024
9201237          000006850000000454536500000666          00000000000000000000000109084000220000001079000000000000000000000000000000000000000000000000000000000000000000000000000000000000000                                                                                                                                                                              00000000000000000000000         000025
