00100000         2055602920001300002803760014       0312830000000156922 RG3.NET COMERCIO E SERVICOS LTBANCO DO BRASIL                         22102201102285100188503000000927685145PROCESSAMEN                                                 
00100011T0100020 20055602920001300002803760014       0312830000000156922 RG3.NET COMERCIO E SERVICOS LT                                                                                000000002102201100000000  000000000                      
0010001300001T 060312830000000156922 280376037327        1               00000000000000000000500001000418                         0900000000000000000000000000000000000000000000000000000   000000000000000000000050000        18019280376      
0010001300002U 060000000000000000000000000000000000000000000000000000000000000000000000005000000000000000000000000000000000000000000000002102201123022011            000000000000000                              000                           
0010001300003T 060312830000000156922 280376233630        1               00000000000000000020900237028640                         0900000000000000000000000000000000000000000000000000000   000000000000000000000050000        18019280376      
0010001300004U 060000000000000000000000000000000000000000000000000000000000000000000000209000000000000204000000000000000000000000000000002102201123022011            000000000000000                              000                           
00100015         000006000000000000000000000000000000000000000000000000000000000000000000000000000000000000000000000000000000000000000000000000000                                                                                              
00199999         000001000008000000                                                                                                                                                            00000000000000000000000000000                    
