00100000         2055602920001300002803760014       0312830000000156922 RG3.NET COMERCIO E SERVICOS LTBANCO DO BRASIL                         20911201003234500181203000000927685145PROCESSAMEN                                                 
00100011T0100020 20055602920001300002803760014       0312830000000156922 RG3.NET COMERCIO E SERVICOS LT                                                                                000000000911201000000000  000000000                      
00100015         000002000000000000000000000000000000000000000000000000000000000000000000000000000000000000000000000000000000000000000000000000000                                                                                              
00199999         000001000004000000                                                                                                                                                            00000000000000000000000000000                    
